@misc{V7LAB,
  title        = {Neural Style Transfer: Using Deep Learning to Generate Art},
  howpublished = {\url{https://www.v7labs.com/blog/neural-style-transfer}},
  note         = {Accessed: 2023-11-18}
}

@article{Gatys_Ecker_Bethge_2016,
  title   = {A neural algorithm of artistic style},
  volume  = {16},
  DOI     = {10.1167/16.12.326},
  number  = {12},
  journal = {Journal of Vision},
  author  = {Gatys, Leon and Ecker, Alexander and Bethge, Matthias},
  year    = {2016},
  pages   = {326}
}
